@article{Alt_Gram,
  title={Singularities of the density of states of random Gram matrices},
  author={Johannes Alt},
  journal={Electronic Communications in Probability},
  volume={22},
  pages={1--13},
  year={2017}
}
@article{PRE,
  title={Spectral moments of correlated Wishart matrices},
  author={Burda, Zdzis{\l}aw and Jurkiewicz, Jerzy and Wac{\l}aw, Bart{\l}omiej},
  journal={Physical Review E},
  volume={71},
  number={2},
  pages={026111},
  year={2005},
  publisher={APS}
}
@article{principal,
  title={On the principal components of sample covariance matrices},
  author={Bloemendal, Alex and Knowles, Antti and Yau, Horng-Tzer and Yin, Jun},
  journal={Probability theory and related fields},
  volume={164},
  number={1},
  pages={459--552},
  year={2016},
  publisher={Springer}
}
@article{local_circular,
  title={Local circular law for random matrices},
  author={Bourgade, Paul and Yau, Horng-Tzer and Yin, Jun},
  journal={Probability Theory and Related Fields},
  volume={159},
  number={3},
  pages={545--595},
  year={2014},
  publisher={Springer}
}
@article{Separable_solution,
  title={Analysis of the limiting spectral measure of large random matrices of the separable covariance type},
  author={Couillet, Romain and Hachem, Walid},
  journal={Random Matrices: Theory and Applications},
  volume={3},
  number={04},
  pages={1450016},
  year={2014},
  publisher={World Scientific}
}
@incollection{DT2011,
  title={Application of random matrix theory to multivariate statistics},
  author={Dieng, Momar and Tracy, Craig A},
  booktitle={Random Matrices, Random Processes and Integrable Systems},
  pages={443--507},
  year={2011},
  publisher={Springer}
}
@article{Karoui2009,
  title={Concentration of measure and spectra of random matrices: Applications to correlation matrices, elliptical distributions and beyond},
  author={El Karoui, Noureddine},
  journal={The Annals of Applied Probability},
  volume={19},
  number={6},
  pages={2362--2405},
  year={2009}
}
@booklet{Average_fluc,
  title={Averaging fluctuations in resolvents of random band matrices},
  author={Erd{\H{o}}s, L{\'a}szl{\'o} and Knowles, Antti and Yau, Horng-Tzer},
  booktitle={Annales Henri Poincar{\'e}},
  volume={14},
  number={8},
  pages={1837--1926},
  year={2013},
  organization={Springer}
}
@article{Delocal,
  title={Delocalization and diffusion profile for random band matrices},
  author={Erd{\H{o}}s, L{\'a}szl{\'o} and Knowles, Antti and Yau, Horng-Tzer and Yin, Jun},
  journal={Communications in Mathematical Physics},
  volume={323},
  pages={367--416},
  year={2013},
  publisher={Springer}
}
@article{Semicircle,
  title={The local semicircle law for a general class of random matrices},
  author={Erd{\H{o}}s, L{\'a}szl{\'o} and Knowles, Antti and Yau, Horng-Tzer and Yin, Jun},
  journal={Electronic Journal of Probability},
  volume={18},
  pages={1--58},
  year={2013}
}
@article{MF2006,
  title={Testing for separability of spatial--temporal covariance functions},
  author={Fuentes, Montserrat},
  journal={Journal of statistical planning and inference},
  volume={136},
  number={2},
  pages={447--466},
  year={2006},
  publisher={Elsevier}
}
@article{isotropic,
  title={Isotropic self-consistent equations for mean-field random matrices},
  author={He, Yukun and Knowles, Antti and Rosenthal, Ron},
  journal={Probability Theory and Related Fields},
  volume={171},
  pages={203--249},
  year={2018},
  publisher={Springer}
}
@article{Hachem2007,
  title={Deterministic equivalents for certain functionals of large random matrices},
  author={Hachem, Walid and Loubaton, Philippe and Najim, Jamal},
  journal={The Annals of Applied Probability},
  volume={17},
  number={3},
  pages={875--930},
  year={2007},
}
@article{AEK_Gram,
  title={Local law for random Gram matrices},
  author={Johannes Alt, László Erdős, Torben Krüger},
  journal={Electronic Communications in Probability},
  volume={22},
  pages={1--41},
  year={2017}
}
@article{IJ,
  title={On the distribution of the largest eigenvalue in principal components analysis},
  author={Johnstone, Iain M},
  journal={The Annals of statistics},
  volume={29},
  number={2},
  pages={295--327},
  year={2001},
  publisher={Institute of Mathematical Statistics}
}
@article{IJ2,
  title={High dimensional statistical inference and random matrices},
  author={Johnstone, Iain M},
  journal={arXiv preprint math/0611589},
  year={2006}
}
@article{IJ2008,
  title={Multivariate analysis and Jacobi ensembles: Largest eigenvalue, Tracy--Widom limits and rates of convergence},
  author={Johnstone, Iain M},
  journal={Annals of statistics},
  volume={36},
  number={6},
  pages={2638},
  year={2008},
  publisher={NIH Public Access}
}
@article{KJ1999,
  title={Geostatistical space--time models: a review},
  author={Kyriakidis, Phaedon C and Journel, Andr{\'e} G},
  journal={Mathematical geology},
  volume={31},
  pages={651--684},
  year={1999},
  publisher={Springer}
}
@article{Anisotropic,
  title={Anisotropic local laws for random matrices},
  author={Knowles, Antti and Yin, Jun},
  journal={Probability Theory and Related Fields},
  volume={169},
  pages={257--352},
  year={2017},
  publisher={Springer}
}
@article{LMS2008,
  title={Testing the covariance structure of multivariate random fields},
  author={Li, Bo and Genton, Marc G and Sherman, Michael},
  journal={Biometrika},
  volume={95},
  number={4},
  pages={813--829},
  year={2008},
  publisher={Oxford University Press}
}
@article{MG2003,
  title={Spatio-temporal prediction inside a free-air $CO_2$ enrichment system},
  author={Mitchell, Matthew W and Gumpertz, Marcia L},
  journal={Journal of agricultural, biological, and environmental statistics},
  volume={8},
  pages={310--327},
  year={2003},
  publisher={Springer}
}
@article{MP,
  title={Distribution of eigenvalues for some sets of random matrices},
  author={Marchenko, Vladimir Alexandrovich and Pastur, Leonid Andreevich},
  journal={Matematicheskii Sbornik},
  volume={114},
  number={4},
  pages={507--536},
  year={1967},
  publisher={Russian Academy of Sciences, Steklov Mathematical Institute of Russian~…}
}
@article{Onatski2,
  title={Testing hypotheses about the number of factors in large factor models},
  author={Onatski, Alexei},
  journal={Econometrica},
  volume={77},
  number={5},
  pages={1447--1479},
  year={2009},
  publisher={Wiley Online Library}
}
@article{Genetics,
  title={Population structure and eigenanalysis},
  author={Patterson, Nick and Price, Alkes L and Reich, David},
  journal={PLoS genetics},
  volume={2},
  number={12},
  pages={e190},
  year={2006},
  publisher={Public Library of Science San Francisco, USA}
}
@article{Separable,
  title={No eigenvalues outside the support of the limiting empirical spectral distribution of a separable covariance matrix},
  author={Paul, Debashis and Silverstein, Jack W},
  journal={Journal of Multivariate Analysis},
  volume={100},
  number={1},
  pages={37--57},
  year={2009},
  publisher={Elsevier}
}
@article{RMT_Wireless,
  title={Random matrix theory and wireless communications},
  author={Tulino, Antonia M and Verd{\'u}, Sergio and others},
  journal={Foundations and Trends{\textregistered} in Communications and Information Theory},
  volume={1},
  number={1},
  pages={1--182},
  year={2004},
  publisher={Now Publishers, Inc.}
}
@article{Verdu,
  title={Spectral efficiency in the wideband regime},
  author={Verd{\'u}, Sergio},
  journal={IEEE Transactions on Information Theory},
  volume={48},
  number={6},
  pages={1319--1343},
  year={2002},
  publisher={IEEE}
}
@article{WANG2014,
  title={Limiting spectral distribution of renormalized separable sample covariance matrices when $p/n\to 0$},
  author={Wang, Lili and Paul, Debashis},
  journal={Journal of Multivariate Analysis},
  volume={126},
  pages={25--52},
  year={2014},
  publisher={Elsevier}
}
@article{XYY_circular,
  title={Local circular law for the product of a deterministic matrix with a random matrix},
  author={Xi, Haokai and Yang, Fan and Yin, Jun},
  journal={Electronic Journal of Probability},
  volume={22},
  pages={1--77},
  year={2017}
}
@article{yang2019edge,
  title={Edge universality of separable covariance matrices},
  author={Yang, Fan},
  journal={Electronic Journal of Probability},
  volume={24},
  pages={1--57},
  year={2019}
}
@phdthesis{Zhang_thesis,
  title={Spectral analysis of large dimensional random matrices},
  author={Zhang, Lixin},
  school={National University of Singapore},
  year={2007}
}
@book{anderson2010introduction,
  title={An introduction to random matrices},
  author={Anderson, Greg W and Guionnet, Alice and Zeitouni, Ofer},
  year={2010},
  publisher={Cambridge university press}
}
@misc{benaychgeorges2018lectureslocalsemicirclelaw,
      title={Lectures on the local semicircle law for Wigner matrices}, 
      author={Florent Benaych-Georges and Antti Knowles},
      year={2018},
      eprint={1601.04055},
      archivePrefix={arXiv},
      primaryClass={math.PR},
      url={https://arxiv.org/abs/1601.04055}, 
}
